  aplicado al mercado eléctrico español. Se han utilizado los datos públicos de los años 2011 y 2012 disponibles en www.omelholding.es. En primer lugar se introducen los conceptos necesarios para comprender el mercado de la energía en España, así como las características esenciales sobre este recurso no almacenable. Una vez definidas las variables de interés, se analizan formas para medir tanto la oferta como la demanda y de todo ello se infiere el precio en el mercado. Para poder realizar un modelo matemático correcto, se requiere de un análisis de los datos previo donde se determinen las dependencias entre las variables, las correlaciones, los valores atípicos y la normalidad de las variables. Este estudio se ha realizado con R mediante programas fuentes incluidos en el anexo y funciones específicas de librerías de R que también se enumeran y se comentan en el trabajo. Los resultados son de dos tipos: numéricos y gráficos. La gran cantidad de gráficos ofrecen al lector una mejor visualización de los datos y por tanto una mejor interpretación de los resultados. ",Presentación breve,,ofwagner,mvelascc@ucm.es,,,,,,,,,,Apta,,,,
747,o,1383251897,1384333015,26,,Jueves,Utilidad clínica de modelos predictivos:  análisis mediante funciones de densidad de probabilidad estimadas por métodos tipo kernel,Luis Mariano Esteban(1)
