1. Régis, Grass. Contribution à l'étude expérimentale et à l'analyse de certaines acquisitions cognitives et de certains objectifs didactiques en mathématiques. Rennes : Thèse d'Etat, 1979.

2. Régnier, Jean Claude. 7º Coloquio Internacional de Análisis Estadístico Implicativo (ASI 7). [En línea] 18 de Junio de 2013. [Citado el: 9 de Septiembre de 2013.] http://sites.univ-lyon2.fr/asi7/.

3. Gras, Régis y Bailleul, Marc. Primer Coloquio Internacional de Análisis Estadístico Implicativo (ASI 1). [En línea] 23 de Junio de 2000. [Citado el: 9 de Septiembre de 2013.] http://math.unipa.it/~grim/asi/asi_00_CAEN.htm.

4. Spagnolo, Filippo. I COLÓQUIO O MÉTODO ESTATÍSTICO IMPLICATIVO UTILIZADO EM ESTUDOS QUALITATIVOS DE REGRAS DE ASSOCIAÇÃO CONTRIBUIÇÃO À PESQUISA EM EDUCAÇÃO. [En línea] 9 de Julio de 2003. [Citado el: 9 de Septiembre de 2013.] http://math.unipa.it/~grim/asi/asi_03_brasil.htm.

5. —. Groupe International d'Analyse Statistique Implicative. Actes des Journées - Proceedings - Atti di Convegni. [En línea] 6 de Octubre de 2005. [Citado el: 10 de Septiembre de 2013.] http://math.unipa.it/~grim/asi/asi_index.htm.

6. Régnier, Jean Claude. 6º Coloquio Internacional de Análisis Estadístico Implicativo (ASI6). [En línea] 7 de Noviembre de 2012. [Citado el: 13 de Septiembre de 2013.] http://sites.univ-lyon2.fr/asi6/.


