 se analizan formas para medir tanto la oferta como la demanda y de todo ello se infiere el precio en el mercado. Para poder realizar un modelo matem√°tico correcto
