@article{Feinerer2010,
author = {Feinerer, Ingo},
pages = {1--7},
title = {{Introduction to the tm Package Text Mining in R}},
url = {http://cran.r-project.org/web/packages/tm/vignettes/tm.pdf},
year = {2010}
}
@book{Ingersoll2013,
address = {New York},
author = {Ingersoll, Grant S. and Morton, Thomas S. and Farris, Andrew L.},
isbn = {9781933988382},
publisher = {Manning},
title = {{Taming Text: How to find, organize and manipulate it}},
year = {2013}
}
@article{Jurka2013,
author = {Jurka, Author Timothy P and Collingwood, Loren and Boydstun, Amber E and Gross-, Emiliano and Atteveldt, Wouter Van},
title = {{Package ‘ RTextTools ’}},
url = {http://cran.r-project.org/web/packages/RTextTools/RTextTools.pdf},
year = {2013}
}
@article{Jurka2004,
author = {Jurka, Timothy P and Collingwood, Loren and Boydstun, Amber E and Grossman, Emiliano and Van, Wouter},
journal = {The R Journal},
pages = {6--12},
title = {{RTextTools : A Supervised Learning Package for Text Classification}},
url = {http://journal.r-project.org/archive/2013-1/collingwood-jurka-boydstun-etal.pdf},
volume = {5},
year = {2013}
}
@article{Math2008,
author = {Radovanovic, Milos and Ivanovi, Mirjana},
journal = {Novi Sad Journal of Mathematics},
keywords = {and phrases,clustering,di-,mensionality reduction,sentiment classification,text categorization,text mining,text visualization},
number = {3},
pages = {227--234},
title = {{TEXT MINING : Bag-of-Words Document Representation Machine Learning with Textual Data}},
volume = {38},
year = {2008}
}
@article{Qi2007,
author = {Qi, Xiaoguang and Davison, Brian D},
journal = {ACM Computing Surveys},
number = {June},
pages = {1--31},
title = {{Web Page Classification : Features and Algorithms ∗}},
url = {http://www.cse.lehigh.edu/~xiq204/pubs/classification-survey/LU-CSE-07-010.pdf},
volume = {41},
year = {2009}
}

