Jorge Luis Ojeda Cabrera.
miniGUI: tktcl quick and simple function GUI. 
R package, 2012.
(http://cran.r-project.org/web/packages/miniGUI/)

Paul Hudak.
Conception, evolution, and application of functional programming languages.
ACM Comput. Surv.}, 21(3):359--411, September 1989.
