 competencias \"atractivas\" para los estudiantes.

La metodología se ha ensayado tanto en formación de grado como en máster con buenos resultados y acogida. Una de las claves es la simplicidad del lenguaje de marcas `markdown`; puede que este sea
