1. Bivand R. S.; Pebesma E. J.; GÃ³mez-Rubio V. (2008) Applied spatial data analysis with R Springer, New York, ISBN 978-0-387-78171-6



2. Kahle D.; Wickham H. (2013) ggmap: Spatial Visualization with ggplot2 The R Journal Vol. 5/1, June ISSN 2073-4859



3. Kahle D.; Wickham H. (2013) Package ggmap

URL: http://cran.r-project.org/web/packages/ggmap/ggmap.pdf 


