1. Gelman, A. & Hill, J. (2007). Data analysis using regression and multilevel/hierarchical models. Cambridge New York: Cambridge University Press.
2. Lax,J.R & Philips, J.H (2009). How Should We Estimate Public Opinion in The States?. American Journal of Political Science, Vol 53, No 1, pp 107-121
