De Blas Foix, F. X. (2012). Proyecto Chronojump-Boscosystem. Herramienta informática libre para el estudio cinemático del salto vertical: medición del tiempo, detección del ángulo de flexión sin marcadores y elaboración de tablas de percentiles.

Gonzalez-Badillo, J.G., y Sanchez-Medina, L.S. (2010). Movement velocity as a measure of loading intensity in resistance training. Int J Sports Med, 31, 347-352.

Padullés, J.M. (2011). Valoración de los parámetros mecánicos de la carrera. Desarrollo de un nuevo instrumento de medición. Tesis doct. Barcelona: INEFC, Universitat de Barcelona.

Peña, J. (2013). El entrenamiento de la condición física en el voleibol. Fundación CIDIDA.

Tous Fajardo, J. (1999). Nuevas tendencias en fuerza y musculación.
