1. lp_solve and Kjell Konis. (2013). lpSolveAPI: R Interface for lp_solve version 5.5.2.0. R package version 5.5.2.0-8. http://CRAN.R-project.org/package=lpSolveAPI 



2. Villani, C. (2003) Topics in optimal transportation. American Mathematical Society, Providence.
