[1] Fernández-Ceniceros,J.,Sanz-García,A.,Antoñanzas-Torres,F.,dePisón,F.J.M.: Multilayer-perceptron network ensemble modeling with genetic algorithms for the
capacity of bolted lap joint. HAIS 2012, LNCS 7208 pp. 545–556 (2012)
[2] R Core Team: R: A Language and Environment for Statistical Computing. R Foundation for Statistical Computing, Vienna, Austria (2013)
[3] ABAQUS v.6.14. Analysis User’s Manual
