1. Grahn, H.F., Geladi, P. (2007) Techniques and applications of hyperspectral image analysis. Wiley

2. Wehrens, R. (2011) Chemmometrics with R. Springer
