@Manual{metine,

    title = {Proyección de la Población de España a Corto Plazo (2011-2021). Metodología.},

    author = {Instituto Nacional de Estadística}},

    year = {2011},

    url = {http://www.ine.es/metodologia/t20/t20269_m2011.pdf},

  },



@article{popfor1,

author = {Swanson D, Schlottman A, Schmidt B},

journal = {Population Research and Policy Review},

pages = {47-63},

title = { Forecasting the Population of Census Tracts by Age and Sex: An Example of the Hamilton-Perry Method in Action}

volume = {29},

year = {2010},

},





@Manual{pxR,

    title = {pxR: PC-Axis with R},

    author = {Francisco J. Viciana and Carlos J. {Gil Bellosta} and Oscar {Perpiñán Lamigueiro}},

    year = {2011},

    note = {R package version 0.24},

    url = {http://CRAN.R-project.org/package=pxR},

  },



@Manual{PBS,

    title = {PBSmapping: Mapping Fisheries Data and Spatial Analysis Tools},

    author = {Jon T. Schnute and Nicholas Boers and Rowan Haigh.},

    year = {2012},

    note = {R package version 2.62.34},

    url = {http://CRAN.R-project.org/ package=PBSmapping},

  },



@Manual{rgdal,

    title = {rgdal: Bindings for the Geospatial Data Abstraction Library},

    author = {Timothy H. Keitt and Roger Bivand and Edzer Pebesma and Barry Rowlingson},

    year = {2012},

    note = {R package version 0.7-12},

    url = {http://CRAN.R-project.org/package=rgdal},

  },





@Manual{ggmap,

    title = {ggmap: A package for spatial visualization with Google Maps and

OpenStreetMap},

    author = {David Kahle and Hadley Wickham},

    year = {2012},

    note = {R package version 2.1},

    url = {http://CRAN.R-project.org/package=ggmap},

  }


