1. Metafor: http://www.jstatsoft.org/v36/i03/. 

2. Copas: http://journal.r-project.org/archive/2009-2/RJournal_2009-2_Carpenter~et~al.pdf 

3. selectMeta: http://arxiv.org/pdf/1102.4434v2.pdf

4. SAMURAI: http://cran.r-project.org/web/packages/SAMURAI/SAMURAI.pdf

5. Meta: http://cran.r-project.org/web/packages/meta/meta.pdf
