@article{bnm11,
author = {Baier, T. and E. Neuwirth and M. De Meo},
journal = {The R Journal},
number = {2},
pages = {5-11},
title = {Creating and Deploying an Application with (R)Excel and R},
volume = {3},
year = {2011},
}

@article{d89,
author = {Davis, F. D.},
journal = {MIS Quarterly},
number = {3},
pages = {319-340},
title = {Perceived usefulness, perceived ease of use and user acceptance of information technology},
volume = {13},
year = {1989},
url = {http://www.jstor.org/pss/249008},
}

@book{hn09,
address = {New York},
author = {Heiberger, R. M. and Neuwirth, E.},
publisher = {Springer},
title = {R Through Excel: A Spreadsheet Interface for Statistics, Data Analysis, and Graphics},
year = {2009},
unidentified = {Series: Use R},
}

@article{mw02,
author = {McCullough, B. D. and B. Wilson},
journal = {Computational Statistics and Data Analysis},
number = {40},
pages = {713-721},
title = {On the accuracy of statistical procedures in Microsoft Excel 2000 and Excel XP},
year = {2002},
}

@inproceedings{s05,
author = {Seila, A. F.},
booktitle = {Georgia Univ},
pages = {7803-9519},
publisher = {Athens, GA, USA 01/2006;},
title = {Simulation Conference, 2005 Proceedings of the Winter},
year = {2005},
}

