1. Harrell FE Jr, Lee KL, Mark DB. Multivariable prognostic models: issues in developing models, evaluating assumptions and adequacy, and measuring and reducing errors. Stat Med. 1996. 15(4):361-387. 



2. Liu X. Classification accuracy and cut pointâ€‰selection. Stat Med. 2012;31:2676-86.



3. Vickers AJ, Elkin EB. Decision Curve Analysis: A Novel Method for Evaluating Prediction Models. Medical Decision Making. 2006. 26(6):565 -574. 




