1. Cazelles, B., M. Chavez, D. Berteaux, F. Menard, J. O. Vik, S. Jenouvrier, and N. C. Stenseth. 2008. Wavelet analysis of ecological time series. Oecologia 156:287–304.



    2. Grinsted, A., J. C. Moore, and S. Jevrejeva. 2004. Application of the cross wavelet transform and wavelet coherence to geophysical time series. Nonlinear Processes in Geophysics 11:561–566.



    3. Liu, Y., X. San Liang, and R. H. Weisberg. 2007. Rectification of the Bias in the Wavelet Power Spectrum. Journal of Atmospheric and Oceanic Technology 24:2093-2102.



   4. Maraun, D, J. Kurths and M. Holschneider. 2007. Nonstationary Gaussian Processes in Wavelet Domain: Synthesis, Estimation and Significance Testing. Phys. Rev. E 75, 016707. 



   5. Maraun D. and J. Kurths. 2004. Cross Wavelet Analysis. Significance Testing and Pitfalls, Nonlin. Proc. Geoph. 11(4), 505-514. 



 6. Polanco-Martínez, J. M. 2011.Aplicación de técnicas estadísticas en el estudio de fenómenos ambientales y ecosistémicos, tesis doctoral, 208 pg.  Servicio Editorial de la Universidad del Páis Vasco (UPV/EHU), ISBN: 978-84-9860-812-0  

http://www.ehu.es/argitalpenak/images/stories/tesis/Ciencias/ 8120PolancoMartinezTH.pdf



 7. Polanco, J., U. Ganzedo, J. Sáenz, A. M. Caballero-Alfonso and J. J. Castro-Hernández. 2011. Wavelet analysis of correlation among Canary Islands octopus captures per unit effort, sea-surface temperatures and the North Atlantic Oscillation, Fisheries Research, 107(1-3):177-183





 8. Rouyer, T., J. M. Fromentin, F. Menard, B. Cazelles, K. Briand, R. Pianet, B. Planque, and N. C. Stenseth. 2008. Complex interplays among population dynamics, environmental forcing, and exploitation in fisheries. Proceedings of the National Academy of Sciences 105:5420–5425.



  9. Torrence, C., and G. P. Compo. 1998. A practical guide to wavelet analysis. Bulletin of the American Meteorological Society 79:61–78.



  10. Torrence, C., and P. J. Webster. 1998. The annual cycle of persistence in the El Niño/Southern Oscillation. Quarterly Journal of the Royal Meteorological Society 124:1985–2004.



  11.  Veleda, D., R. Montagne, and M. Araujo. 2012. Cross-Wavelet Bias Corrected by Normalizing Scales. Journal of Atmospheric and Oceanic Technology 29:1401-1408.


