1. Relenium (https://github.com/LluisRamon/relenium)

2. RCurl (http://cran.r-project.org/web/packages/RCurl/index.html)

3. Xml (http://cran.r-project.org/web/packages/XML/index.html)
